% BibTeX guide: https://en.wikibooks.org/wiki/LaTeX/Bibliography_Management#BibTeX
% Vancouver referencing guide: https://www.imperial.ac.uk/media/imperial-college/administration-and-support-services/library/public/vancouver.pdf

@manual{tc_netem_wiki,
    title = {{“netem”}},
    organization = {The Linux Foundation},
    url = {https://wiki.linuxfoundation.org/networking/netem},
    month = {October},
    year = {2021},
}

@manual{tc_netem_8_man,
    title = {{“tc-netem(8) — Linux manual page”}},
    author = {Ludovici F and Pfeifer HP},
    organization = {(C) 2022 Michael Kerrisk},
    url = {https://man7.org/linux/man-pages/man8/tc-netem.8.html},
    month = {November},
    year = {2011},
}

@manual{tc_netem_src,
    title = {{“linux/sch\_netem.c at master · torvalds/linux”}},
    author = {Hemminger S and Boie C},
    organization = {The Linux Foundation},
    url = {https://github.com/torvalds/linux/blob/master/net/sched/sch\_netem.c},
    month = {November},
    year = {2021},
}

@article{ge_model,
    title = {{“The Gilbert-Elliott Model for Packet Loss in Real Time Services on the Internet”}},
    author = {Hasslinger G and Hohlfeld O},
    journal = {14th GI/ITG Conference - Measurement, Modelling and Evalutation of Computer and Communication Systems},
    url = {https://ieeexplore.ieee.org/document/5755057},
    year = {2008},
}

@manual{ns_2_man,
    title = {{“The ns Manual”}},
    author = {Fall K (ed.) and Varadhan K (ed.)},
    organization = {The VINT Project},
    institution = {UC Berkeley, LBL, USC/ISI, and Xerox PARC},
    url = {https://www.isi.edu/nsnam/ns/doc/ns\_doc.pdf},
    month = {November},
    year = {2011},
}

@manual{ns_2_wiki,
    title = {{“ns-2 wiki”}},
    url = {http://nsnam.sourceforge.net/wiki/index.php/Main\_Page},
    month = {December},
    year = {2014},
}

@manual{nlc,
    title = {{“Network Link Conditioner in Lion”}},
    author = {Gemmell M},
    organization = {Copyright © 2021 Matt Gemmell},
    url = {https://mattgemmell.com/network-link-conditioner-in-lion},
    month = {July},
    year = {2011},
}

@manual{ipfw_man,
    title = {{“ipfw - FreeBSD Manual Pages”}},
    author = {{Antsilevich UJS, Kamp P-H, Nash A, Cobbs A, Rizzo L and Al-Saadi R}},
    organization = {The FreeBSD Project},
    url = {https://www.freebsd.org/cgi/man.cgi?query=ipfw&manpath=FreeBSD+13.0-RELEASE+and+Ports},
    month = {August},
    year = {2020},
}

@manual{ipfw,
    title = {{“The dummynet project”}},
    author = {Rizzo L},
    institution = {Università di Pisa},
    url = {http://info.iet.unipi.it/~luigi/dummynet},
    month = {March},
    year = {2010},
}

@manual{wan_cisco,
    title = {{“What Is a WAN? Wide-Area Network”}},
    organization = {Cisco},
    url = {https://www.cisco.com/c/en/us/products/switches/what-is-a-wan-wide-area-network.html},
    month = {Janurary},
    year = {2022},
}

@article{distributed_resource_gaming,
    title = {{“Video games as a distributed computing resource”}},
    author = {Clark C and Ouellette M},
    institution = {Southern Methodist University},
    journal = {FDG '17: Proceedings of the 12th International Conference on the Foundations of Digital Games},
    pages = {1--7},
    url = {https://dl.acm.org/doi/10.1145/3102071.3102099},
    month = {August},
    year = {2017},
}

@article{distributed_mmo_architectures,
    title = {{“Distributed Architectures for Massively-Multiplayer Online Games”}},
    author = {GauthierDickey C},
    institution = {University of Oregon},
    url = {http://citeseerx.ist.psu.edu/viewdoc/download?doi=10.1.1.106.8352&rep=rep1&type=pdf},
}

@article{hybrid_mmo_architectures,
    title = {{“A hybrid architecture for massively multiplayer online games”}},
    author = {Jardine J and Zappala D},
    institution = {Brigham Young University},
    journal = {NetGames '08: Proceedings of the 7th ACM SIGCOMM Workshop on Network and System Support for Games},
    pages = {60--65},
    url = {https://dl.acm.org/doi/10.1145/1517494.1517507},
    month = {October},
    year = {2008},
}

@manual{microsoft_playfab,
    title = {{“Microsoft Azure PlayFab; Full Stack LiveOps, Real-time Control”}},
    organization = {Microsoft},
    url = {https://playfab.com},
    month = {Janurary},
    year = {2022},
}

@manual{heroic_labs_nakama,
    title = {{“Heroic Labs | Nakama”}},
    organization = {Heroic Labs},
    url = {https://heroiclabs.com},
    month = {Janurary},
    year = {2022},
}

@manual{improbable_spatialos,
    title = {{“SpatialOS - Improbable IMS”}},
    organization = {Improbable},
    url = {https://ims.improbable.io/products/spatialos},
    month = {Janurary},
    year = {2022},
}

@manual{improbable_spatialos_unreal_gdk_github,
    title = {{“The SpatialOS GDK for Unreal Plugin”}},
    organization = {Github, Improbable},
    url = {https://github.com/spatialos/UnrealGDK},
    month = {Janurary},
    year = {2022},
}

@manual{improbable_spatialos_scavengers,
    title = {{“Everything you need to know: Scavengers by Midwinter Entertainment”}},
    organization = {Improbable},
    url = {https://ims.improbable.io/insights/everything-you-need-to-know-scavengers-by-midwinter-entertainment},
    month = {Janurary},
    year = {2022},
}

@manual{ns_3_man,
    title = {{“Documentation | ns-3”}},
    organization = {ns-3 project},
    url = {https://www.nsnam.org/documentation},
    month = {October},
    year = {2021},
}

@manual{ns_3_gitlab,
    title = {{“The Network Simulator, Version 3”}},
    organization = {Gitlab, ns-3 project},
    url = {https://gitlab.com/nsnam/ns-3-dev},
    month = {Janurary},
    year = {2022},
}

@manual{ns_3_man_pdf,
    title = {{“ns-3 Tutorial | Release ns-3-dev”}},
    organization = {ns-3 project},
    pages = {33--35},
    url = {https://www.nsnam.org/docs/release/3.35/tutorial/ns-3-tutorial.pdf},
    month = {October},
    year = {2021},
}

@online{stack_exchange_static_methods,
    title = {{“object oriented - Can't I just use all static methods? - Software Engineering Stack Exchange”}},
    organization = {Stack Overflow},
    url = {https://softwareengineering.stackexchange.com/questions/98083/cant-i-just-use-all-static-methods},
    month = {Feburary},
    year = {2013},
}

@online{medium_static_methods,
    title = {{“Should You Avoid Using Static?”}},
    author = {{“Zablianov I”}},
    organization = {Medium},
    url = {https://medium.com/att-israel/should-you-avoid-using-static-ae4b58ca1de5},
    month = {June},
    year = {2020},
}

@online{git_connected_static_methods,
    title = {{“Static Classes and Methods - Are They Terrible?”}},
    author = {{“Mathews S”}},
    organization = {Git Connected},
    url = {https://levelup.gitconnected.com/static-classes-and-methods-are-they-terrible-c9c611a921b3},
    month = {June},
    year = {2021},
}

@online{tom_butler_static_methods,
    title = {{“Static Methods/Variables are bad practice”}},
    author = {{“Butler T”}},
    url = {https://r.je/static-methods-bad-practice},
    month = {August},
    year = {2012},
}

@online{java_code_geeks_static_methods,
    title = {{“Static Methods are Fine”}},
    author = {{“Zimmerman J”}},
    url = {https://www.javacodegeeks.com/2016/04/static-methods-fine.html},
    month = {April},
    year = {2016},
}

@online{einstein_quotes,
    title = {{“Here Are 6 Things Albert Einstein Never Said”}},
    author = {{“Pruitt S”}},
    organization = {History.com},
    url = {https://www.history.com/news/here-are-6-things-albert-einstein-never-said},
    month = {September},
    year = {2018},
}

@manual{elixir,
    title = {{“The Elixir programming language”}},
    organization = {The Elixir Team},
    url = {https://elixir-lang.org},
    month = {Janurary},
    year = {2022},
}

@manual{erlang,
    title = {{“Index - Erlang/OTP”}},
    organization = {The Erlang Ecosystem Foundation},
    url = {https://www.erlang.org},
    month = {Janurary},
    year = {2022},
}

@manual{elixir_processes,
    title = {{“Processes - The Elixir programming language”}},
    organization = {The Elixir Team},
    url = {https://elixir-lang.org/getting-started/processes.html},
    month = {Janurary},
    year = {2022},
}

@manual{erlang_protocol,
    title = {{“Erlang -- Distribution Protocol”}},
    organization = {Copyright © 1997-2021 Ericsson AB},
    url = {https://www.erlang.org/doc/apps/erts/erl_dist_protocol.html},
    month = {Janurary},
    year = {2022},
}
