% BibTeX guide: https://en.wikibooks.org/wiki/LaTeX/Bibliography_Management#BibTeX
% Vancouver referencing guide: https://www.imperial.ac.uk/media/imperial-college/administration-and-support-services/library/public/vancouver.pdf

@manual{tc_netem_8,
    author = {Ludovici F and Pfeifer HP},
    month = {November},
    organization = {(C) 2022 Michael Kerrisk},
    title = {{“tc-netem(8) — Linux manual page”}},
    url = {https://man7.org/linux/man-pages/man8/tc-netem.8.html},
    year = {2011},
}
